@String{pub-AW          = "Ad{\-d}i{\-s}on-Wes{\-l}ey"}
@String{pub-AW:adr      = "Reading, MA, USA"}

@article{RuntimeEstimationALICE,
title = {A runtime estimation framework for ALICE},
journal = {Future Generation Computer Systems},
volume = {72},
pages = {65-77},
year = {2017},
issn = {0167-739X},
author = {Sarunya Pumma and Wu-chun Feng and Phond Phunchongharn and Sylvain Chapeland and Tiranee Achalakul}
},

@article{BigDataParallelism ,
author = {Brandon, Alvaro and Pérez, María and Gupta, Smrati and Muntés-Mulero, Victor},
year = {2017},
month = {07},
pages = {},
title = {Using machine learning to optimize parallelism in big data applications},
volume = {86},
journal = {Future Generation Computer Systems}
},

@article{JobSchedulingSC,
title = {Job scheduling with adjusted runtime estimates on production supercomputers},
journal = {Journal of Parallel and Distributed Computing},
volume = {73},
number = {7},
pages = {926-938},
year = {2013},
note = {Best Papers: International Parallel and Distributed Processing Symposium (IPDPS) 2010, 2011 and 2012},
issn = {0743-7315},
author = {Wei Tang and Narayan Desai and Daniel Buettner and Zhiling Lan}
},

@inproceedings{DBLP:conf/sigmod/BodzionyKPW21,
  author    = {Michal Bodziony and
               Hubert Krzyzanowski and
               Lukasz Pieta and
               Robert Wrembel},
  title     = {On discovering semantics of user-defined functions in data processing
               workflows},
  booktitle = {Proceedings of the International Workshop on Big Data
               in Emergent Distributed Environments, In conjunction with the 2021
               {ACM} {SIGMOD/PODS} Conference, BiDEDE@SIGMOD 2021},
  pages     = {7:1--7:6},
  publisher = {{ACM}},
  year      = {2021}
},

@article{standarization_effects,
title = {Effect of data standardization on neural network training},
journal = {Omega},
volume = {24},
number = {4},
pages = {385-397},
year = {1996},
issn = {0305-0483},
author = {M. Shanker and M.Y. Hu and M.S. Hung},
}
